@misc{github,
  author = {Alex J. Champandard},
  title = {Neural Enhance},
  year = {2016},
  publisher = {GitHub},
  journal = {GitHub repository},
  howpublished = {\url{https://github.com/alexjc/neural-enhance}},
  commit = {2fd67de7eddae3e8dc48f8abdc791ddbcc867112}
}

@misc{github1,
  author = {Tzuta Lin},
  title = {LabelImg},
  year = {2017},
  publisher = {GitHub},
  journal = {GitHub repository},
  howpublished = {\url{https://github.com/tzutalin/labelImg}},
  commit = {0efb50ac62d6e57b98d3a44842e68f2ef12c0508}
}


@article{fastrcnn,
  author    = {Shaoqing Ren and
               Kaiming He and
               Ross B. Girshick and
               Jian Sun},
  title     = {Faster {R-CNN:} Towards Real-Time Object Detection with Region Proposal
               Networks},
  journal   = {CoRR},
  volume    = {abs/1506.01497},
  year      = {2015},
  url       = {http://arxiv.org/abs/1506.01497},
  timestamp = {Wed, 07 Jun 2017 14:42:40 +0200},
  biburl    = {http://dblp.uni-trier.de/rec/bib/journals/corr/RenHG015},
  bibsource = {dblp computer science bibliography, http://dblp.org},
}

@article{paper17,
  author    = {Hao Wang and Zhifeng Li and Xing Ji and Yitong Wang},
  title     = {Face {R-CNN}},
  journal   = {CoRR},
  volume    = {abs/1706.01061},
  year      = {2017},
  url       = {https://arxiv.org/abs/1706.01061},
  timestamp = {Wed, 07 Jun 2017 14:42:29 +0200},
  biburl    = {http://dblp.uni-trier.de/rec/bib/journals/corr/JiangL16a},
  bibsource = {dblp computer science bibliography, http://dblp.org},
}

@article{paper20,
  author    = {Ross B. Girshick},
  title     = {Fast {R-CNN}},
  journal   = {CoRR},
  volume    = {abs/1504.08083},
  year      = {2015},
  url       = {http://arxiv.org/abs/1504.08083},
  timestamp = {Wed, 07 Jun 2017 14:40:36 +0200},
  biburl    = {http://dblp.uni-trier.de/rec/bib/journals/corr/Girshick15},
  bibsource = {dblp computer science bibliography, http://dblp.org}
}

@article{DBLP:journals/corr/WangSG17,
  author    = {Xiaolong Wang and
               Abhinav Shrivastava and
               Abhinav Gupta},
  title     = {A-Fast-RCNN: Hard Positive Generation via Adversary for Object Detection},
  journal   = {CoRR},
  volume    = {abs/1704.03414},
  year      = {2017},
  url       = {http://arxiv.org/abs/1704.03414},
  timestamp = {Wed, 07 Jun 2017 14:40:03 +0200},
  biburl    = {http://dblp.uni-trier.de/rec/bib/journals/corr/WangSG17},
  bibsource = {dblp computer science bibliography, http://dblp.org}
}

@article{PerceptualGAN,
  author    = {Christian Ledig and
               Lucas Theis and
               Ferenc Huszar and
               Jose Caballero and
               Andrew P. Aitken and
               Alykhan Tejani and
               Johannes Totz and
               Zehan Wang and
               Wenzhe Shi},
  title     = {Photo-Realistic Single Image Super-Resolution Using a Generative Adversarial
               Network},
  journal   = {CoRR},
  volume    = {abs/1609.04802},
  year      = {2016},
  url       = {http://arxiv.org/abs/1609.04802},
  timestamp = {Wed, 07 Jun 2017 14:40:32 +0200},
  biburl    = {http://dblp.uni-trier.de/rec/bib/journals/corr/LedigTHCATTWS16},
  bibsource = {dblp computer science bibliography, http://dblp.org}
}

@article{perceptual,
  author    = {Justin Johnson and
               Alexandre Alahi and
               Fei{-}Fei Li},
  title     = {Perceptual Losses for Real-Time Style Transfer and Super-Resolution},
  journal   = {CoRR},
  volume    = {abs/1603.08155},
  year      = {2016},
  url       = {http://arxiv.org/abs/1603.08155},
  timestamp = {Wed, 07 Jun 2017 14:40:26 +0200},
  biburl    = {http://dblp.uni-trier.de/rec/bib/journals/corr/JohnsonAL16},
  bibsource = {dblp computer science bibliography, http://dblp.org}
}

@article{LDMM,
	author = {Wei Zhu and Bao Wang and Richard Barnard and Cory D. Hauck and Frank Jenko and Stanley Osher},
    title = {Scientific Data Interpolation with Low Dimensional Manifold Model},
    url = {https://arxiv.org/abs/1706.07487},
    year={2017},
    Eprint = {1706.07487},
    Eprinttype = {arXiv},
    timestamp = {Wed, 07 Jun 2017 14:40:26 +0200},
}
    
@article{ldmmhyperspectral,
  author    = {Zuoqiang Shi and 
               Stanley Osher and
               Wei Zhu },
  title     = {Low dimensional manifold model in hyperspectral image reconstruction},
  journal   = {CoRR},
  volume    = {abs/1605.05652},
  year      = {2016},
  url       = {http://arxiv.org/abs/1605.05652},
  timestamp = {Wed, 07 Jun 2017 14:42:24 +0200},
  biburl    = {http://dblp.uni-trier.de/rec/bib/journals/corr/ShiZO16},
  bibsource = {dblp computer science bibliography, http://dblp.org}
}

@online{PointIntegralMethod,
Author = {Zhen Li and Zuoqiang Shi and Jian Sun},
Title = {Point Integral Method for Solving Poisson-type Equations on Manifolds from Point Clouds with Convergence Guarantees},
Year = {2014},
Eprint = {1409.2623},
Eprinttype = {arXiv},
}

@article{nonlocallaplacian,
  author    = {Zuoqiang Shi and
               Stanley Osher and
               Wei Zhu},
  title     = {Weighted Nonlocal Laplacian on Interpolation from Sparse Data},
  journal   = {Journal of Scientific Computing},
  volume    = {(2017) 1-14},
  year      = {2017},
}

@techreport{ldmmsemilocal,
  title={Low dimensional manifold model with semi-local patches},
  author={Zuoqiang Shi and Stanley Osher and Wei Zhu},
  year={2016},
  institution={UCLA},
  type = {CAM Report 16-63}
}

@techreport{ldmmimageprocessing,
  title={Low Dimensional Manifold Model for Image Processing},
  author={Zuoqiang Shi and Stanley Osher and Wei Zhu},
  year={2016},
  institution={UCLA},
  type = {CAM report 16-04}
}

@article{fasterrcnn,
	author = {Shaoqing Ren and Kaiming He and Girshick, Ross B. and Sun, Jian},
    title = {Faster R-CNN: Towards Real-Time Object Detection with Region Proposal Networks},
    url = {https://arxiv.org/abs/1506.014977},
    year={2015},
    Eprint = {1506.01497},
    Eprinttype = {arXiv},
}

@Inbook{Wen2016_facercnn,
author={Wen, Yandong
and Zhang, Kaipeng
and Li, Zhifeng
and Qiao, Yu"},
editor={Leibe, Bastian
and Matas, Jiri
and Sebe, Nicu
and Welling, Max},
title={A Discriminative Feature Learning Approach for Deep Face Recognition},
bookTitle={Computer Vision -- ECCV 2016: 14th European Conference, Amsterdam, The Netherlands, October 11--14, 2016, Proceedings, Part VII},
year={2016},
publisher={Springer International Publishing},
address={Cham},
pages={499--515},
}


    
